@book{ Alg,
  author    = "Alg-d",
  title     = "全ての概念はKan拡張である",
  year      = "2021",
  URL       = "\url{http://alg-d.com/math/kan_extension/}"
}

@misc{ Ber1,
  author = {Yuri Berest, Daniel Miller, Sasha Patotski},
  title = {Homological Algebra},
  url = {http://pi.math.cornell.edu/~apatotski/7400-notes.pdf},
  year = {2014}
}

@misc{ Hol,
  url = {https://citeseerx.ist.psu.edu/viewdoc/download?doi=10.1.1.708.2611&rep=rep1&type=pdf},
  author = {Thorsten Holm, Peter Jogensen},
  title = {TRIANGULATED CATEGORIES: DEFINITIONS, PROPERTIES AND EXAMPLES},
}

@book{ Kaz1,
  author    = "梶浦, 宏成",
  title     = "数物系のための圏論 : 導来圏, 三角圏, $A_\infty$圏を中心に",
  publisher = "サイエンス社",
  year      = "2010",
  series    = "臨時別冊・数理科学",
  number    = ". SGCライブラリ ; 75",
  URL       = "https://ci.nii.ac.jp/ncid/BB02675133"
}

@misc{ Kaz2,
  author = {梶浦, 宏成},
  title = {ホモトピー代数とその応用について},
  url = {https://drive.google.com/open?id=15fTsZE2ucDUFmLc-MSJaVu-Gvcw7w4E_},
  year = {2008}
}

@misc{ Kaz3,
  author = {梶浦, 宏成},
  title = {三角圏の$A_\infty$増強について},
  url = {http://www.math.s.chiba-u.ac.jp/~kajiura/research/52314.pdf%7D},
  year = {2014}
}

@misc{ Kel1,
  doi = {10.48550/ARXIV.MATH/9910179},
  
  url = {https://arxiv.org/abs/math/9910179},
  
  author = {Keller, Bernhard},
  
  keywords = {Rings and Algebras (math.RA), Algebraic Topology (math.AT), K-Theory and Homology (math.KT), FOS: Mathematics, FOS: Mathematics, 18E30, 16D90, 18G40, 18G10, 55U35},
  
  title = {Introduction to A-infinity algebras and modules},
  
  publisher = {arXiv},
  
  year = {1999},
  
  copyright = {Assumed arXiv.org perpetual, non-exclusive license to distribute this article for submissions made before January 2004}
}

@misc{ Kel2,
  doi = {10.48550/ARXIV.MATH/0510508},
  
  url = {https://arxiv.org/abs/math/0510508},
  
  author = {Keller and Bernhard},
  
  keywords = {Representation Theory (math.RT), Rings and Algebras (math.RA), FOS: Mathematics, FOS: Mathematics, {18E30; 16D90}},
  
  title = {A-infinity algebras, modules and functor categories},
  
  publisher = {arXiv},
  
  year = {2005},
  
  copyright = {Assumed arXiv.org perpetual, non-exclusive license to distribute this article for submissions made before January 2004}
}

@book{ Nak,
  author    = "中岡宏行",
  title     = "圏論の技法 : アーベル圏と三角圏でのホモロジー代数",
  publisher = "日本評論社",
  year      = "2015",
  URL       = "\url{https://ci.nii.ac.jp/ncid/BB20210404}"
}

@book{ Nee,
 ISBN = {9780691086866},
 URL = {http://www.jstor.org/stable/j.ctt7zvcqc},
 author = {Amnon Neeman},
 publisher = {Princeton University Press},
 title = {Triangulated Categories. (AM-148)},
 year = 2001
}

@misc{ Nic,
  url = {http://pcwww.liv.ac.uk/~arizzard/FourierMukai/triangulated_categories.pdf},
  author = {Stefano Nicotra},
  title = {A brief introduction to Triangulated Categories},
  month = Aug,
  year = 2017,
}

@misc{ nlab,
  author = {{nLab authors}},
  title = {{{H}}ome{{P}}age},
  howpublished = {\url{https://ncatlab.org/nlab/show/HomePage}},
  note = {\href{https://ncatlab.org/nlab/revision/HomePage/299}{Revision 299}},
  month = Oct,
  year = 2022
}

@book{ Kas1,
 ISBN = {978-3-540-27949-5},
 URL = {https://link.springer.com/book/10.1007/3-540-27950-4},
 author = {Masaki Kashiwara, Pierre Schapira},
 publisher = {Springer Berlin, Heidelberg},
 title = {Categories and Sheaves},
 year = 2006
}

@misc{ Kat,
  url = {https://researchmap.jp/multidatabases/multidatabase_contents/download/258250/79e55eaf3068685580410e70b7d4d3b2/1026?col_no=2&frame_id=794716},
  author = {加藤希理子}, 
  title = {三角圏とホモロジー代数}, 
  url = {https://researchmap.jp/multidatabases/multidatabase_contents/detail/258250/79e55eaf3068685580410e70b7d4d3b2?frame_id=794716},
  month = Mar,
  year = 2013,
}

@misc{ Kra,
  doi = {10.48550/ARXIV.MATH/0511047},
  url = {https://arxiv.org/abs/math/0511047},
  author = {Krause, Henning},
  keywords = {K-Theory and Homology (math.KT), Category Theory (math.CT), FOS: Mathematics, FOS: Mathematics},
  title = {Derived categories, resolutions, and Brown representability},
  publisher = {arXiv},
  year = {2005},
  copyright = {Assumed arXiv.org perpetual, non-exclusive license to distribute this article for submissions made before January 2004}
}

@misc{ pant,
  author = {玉木大},
  title = {Algebraic Topology : A Guide to Literature},
  howpublished = {\url{http://pantodon.jp/index.rb?body=about}},
  month = Oct,
  year = 2022
}

@book{ Tak,
  author    = "高橋, 篤史",
  title     = "弦理論の代数的基礎 : 環・加群・圏から位相的弦理論, ミラー対称性へ",
  publisher = "サイエンス社",
  year      = "2012",
  series    = "臨時別冊・数理科学",
  number    = ". SGCライブラリ ; 89",
  URL       = "https://ci.nii.ac.jp/ncid/BB08963913"
}

@misc{ Toe,
  author = {Toen Bertrand},
  title = {Lectures on dg-categories”. In: Topics in algebraic and topological K-theory},
  url = {https://link.springer.com/book/10.1007/978-3-642-15708-0},
  publisher = {Springer Berlin, Heidelberg},
  year = 2011
}

@misc{ Ued1,
  author = {植田一石},
  title = {ホモロジー的ミラー対称性},
  url = {https://www.ms.u-tokyo.ac.jp/~kazushi/proceedings/msj2007_9.pdf},
  month = Sep,
  year = {2007}
}

@misc{ Ued2,
  author = {植田一石},
  title = {コアメーバとトーラス同変なホモロジー的ミラー対称性},
  url = {https://www.ms.u-tokyo.ac.jp/~kazushi/course/hms.pdf},
  year = {2015}
}

@book{ Ueh,
  author    = "上原, 北斗 and 戸田, 幸伸",
  title     = "連接層の導来圏と代数幾何学",
  publisher = "丸善出版",
  year      = "2020",
  series    = "シュプリンガー現代数学シリーズ / 伊藤雄二編",
  number    = "[21]",
  URL       = "https://ci.nii.ac.jp/ncid/BC04750430"
}

@misc{ Yan,
  author = {Dong Yang},
  title = {Introduction to derived categories of differential graded algebras},
  url = {https://sites.google.com/site/dgschooljp},
  year = {2019}
}