@misc{BK,
  author = {A. I. Bondal and M. M. Kapranov},
  title = {Framed triangulated categories},
  year = {1991},
  note = {\url{https://ncatlab.org/nlab/files/bondalKaprEnhTRiangCat.pdf}}
}

@misc{BLM,
  note = {\url{https://www.math.ksu.edu/~lub/cmcMonad.pdf}},
  
  author = {Yuri Bespalov, Volodymyr Lyubashenko and Oleksandr Manzyuk},

  title = {Pretrianguleted {$A_\infty$}-categories},
  
  year = {2017}
}

@article{Fao,
  doi = {10.48550/ARXIV.1312.2127},
  
  note = {\url{https://arxiv.org/abs/1312.2127}},
  
  author = {Faonte, Giovanni},
  
  keywords = {Algebraic Topology (math.AT), Category Theory (math.CT), FOS: Mathematics, FOS: Mathematics},
  
  title = {Simplicial nerve of an {$A_\infty$}-category},
  
  publisher = {arXiv},
  
  year = {2013},
  
  copyright = {arXiv.org perpetual, non-exclusive license}
}

@article{Fuk93,
  author="Fukaya, Kenji.",
  title="Morse homotopy, {$A_\infty$}-Category and Floer homologies",
  journal="Proceeding of Garc Workshop on Geometry and Topology",
  publisher="Seoul National Univ",
  year="1993",
  note={\url{https://cir.nii.ac.jp/crid/1572824499601341056}}
}

@article{Fuk96,
  title={Morse homotopy and its quantization},
  author={Fukaya, Kenji},
  journal={Geometric topology (Athens, GA, 1993)},
  volume={2},
  pages={409--440},
  year={1996}
}

@article{Fuk02,
  title={Floer homology and mirror symmetry II},
  author={Fukaya, Kenji},
  journal={preprint},
  year={2002}
}

@article{Get,
  title={{$A_\infty$}-algebras and the cyclic bar complex},
  author={Getzler, Ezra and Jones, John DS and others},
  journal={Illinois J. Math},
  volume={34},
  number={2},
  pages={256--283},
  year={1990}
}

@misc{Has,
  doi = {10.48550/ARXIV.MATH/0310337},
  
  note = {\url{https://arxiv.org/abs/math/0310337}},
  
  author = {Lefèvre-Hasegawa, Kenji},
  
  keywords = {Category Theory (math.CT), K-Theory and Homology (math.KT), FOS: Mathematics, FOS: Mathematics, 18E30, 16D90, 18G10, 55U35, 57T30},
  
  title = {Sur les {$A_\infty$}-catégories},
  
  publisher = {arXiv},
  
  year = {2003},
  
  copyright = {Assumed arXiv.org perpetual, non-exclusive license to distribute this article for submissions made before January 2004}
}

@article{Kaj1,
	doi = {10.1142/s0129055x07002912},
  
	note = {\url{https://doi.org/10.1142%2Fs0129055x07002912}},
  
	year = 2007,
	month = {feb},
  
	publisher = {World Scientific Pub Co Pte Lt},
  
	volume = {19},
  
	number = {01},
  
	pages = {1--99},
  
	author = {Hiroshige Kajiura},
  
	title = {NONCOMMUTATIVE HOMOTOPY ALGEBRAS ASSOCIATED WITH OPEN STRINGS},
  
	journal = {Reviews in Mathematical Physics}
}

@book{Kaj2,
  author    = "梶浦宏成",
  title     = "数物系のための圏論 : 導来圏, 三角圏, {$A_\infty$}圏を中心に",
  publisher = "サイエンス社",
  year      = "2010",
  series    = "臨時別冊・数理科学",
  number    = ". SGCライブラリ ; 75",
  note      = {\url{https://ci.nii.ac.jp/ncid/BB02675133}}
}

@article{Kaj3,
  title={On {$A_\infty$}-enhancements for triangulated categories},
  author={Hiroshige Kajiura},
  journal={Journal of Pure and Applied Algebra},
  note = {\url{https://www.semanticscholar.org/paper/On-A%E2%88%9E-enhancements-for-triangulated-categories-Kajiura/bcdfaf3dc87b591d97285454b0cb3ea0e866f7ac}},
  year={2013},
  volume={217},
  pages={1476-1503}
}

@misc{Kaj4,
  title  = "三角圏の{$A_\infty$}増強について", 
  author = "梶浦宏成",
  year = "2014",
  publisher = "数理解析研究所講究録",
  note = {\url{https://www.kurims.kyoto-u.ac.jp/~kyodo/kokyuroku/contents/pdf/1918-03.pdf}}
}

@misc{Kaj5,
  title={ホモトピー代数とその応用について},
  author={梶浦宏成},
  year={2008},
  note = {\url{https://sites.google.com/view/math-graduate/KINOSAKI/2008/proceeding}}
}

@misc{Kel1,
  doi = {10.48550/ARXIV.MATH/9910179},
  
  note = {\url{https://arxiv.org/abs/math/9910179}},
  
  author = {Keller, Bernhard},
  
  keywords = {Rings and Algebras (math.RA), Algebraic Topology (math.AT), K-Theory and Homology (math.KT), FOS: Mathematics, FOS: Mathematics, 18E30, 16D90, 18G40, 18G10, 55U35},
  
  title = {Introduction to {$A_\infty$}-algebras and modules},
  
  publisher = {arXiv},
  
  year = {1999},
  
  copyright = {Assumed arXiv.org perpetual, non-exclusive license to distribute this article for submissions made before January 2004}
}

@misc{Kel2,
  doi = {10.48550/ARXIV.MATH/0510508},
  
  note = {\url{https://arxiv.org/abs/math/0510508}},
  
  author = {Keller, Bernhard},
  
  keywords = {Representation Theory (math.RT), Rings and Algebras (math.RA), FOS: Mathematics, FOS: Mathematics, {18E30; 16D90}},
  
  title = {{$A_\infty$}-algebras, modules and functor categories},
  
  publisher = {arXiv},
  
  year = {2005},
  
  copyright = {Assumed arXiv.org perpetual, non-exclusive license to distribute this article for submissions made before January 2004}
}

@misc{Kon1,
  doi = {10.48550/ARXIV.MATH/0606241},
  
  note = {\url{https://arxiv.org/abs/math/0606241}},
  
  author = {Kontsevich, Maxim and Soibelman, Yan},
  
  keywords = {Rings and Algebras (math.RA), High Energy Physics - Theory (hep-th), Algebraic Geometry (math.AG), Algebraic Topology (math.AT), Category Theory (math.CT), K-Theory and Homology (math.KT), Symplectic Geometry (math.SG), FOS: Mathematics, FOS: Mathematics, FOS: Physical sciences, FOS: Physical sciences, 18E30, 16D90, 18G40, 55U35},
  
  title = {Notes on {$A_\infty$}-algebras, {$A_\infty$}-categories and non-commutative geometry. I},
  
  publisher = {arXiv},
  
  year = {2006},
  
  copyright = {Assumed arXiv.org perpetual, non-exclusive license to distribute this article for submissions made before January 2004}
}

@misc{Lu,
  note = {\url{http://math0.bnu.edu.cn/~ccxi/Notes/notes-lu.pdf}},
  
  author = {Di-Ming Lu},

  title = {Introduction to {$A_\infty$}-algebras},
  
  year = {2005}
}

@article{Lun,
	doi = {10.1090/s0894-0347-10-00664-8},
  
	note = {\url{https://doi.org/10.1090%2Fs0894-0347-10-00664-8}},
  
	year = 2010,
	month = {feb},
  
	publisher = {American Mathematical Society ({AMS})},
  
	volume = {23},
  
	number = {3},
  
	pages = {853--908},
  
	author = {Valery Lunts and Dmitri Orlov},
  
	title = {Uniqueness of enhancement for triangulated categories},
  
	journal = {Journal of the American Mathematical Society}
}

@article{Lyu1,
  doi = {10.48550/ARXIV.MATH/0210047},
  
  note = {\url{https://arxiv.org/abs/math/0210047}},
  
  author = {Lyubashenko, Volodymyr},
  
  keywords = {Category Theory (math.CT), Quantum Algebra (math.QA), FOS: Mathematics, FOS: Mathematics},
  
  title = {Category of {$A_\infty$}-categories},
  
  publisher = {arXiv},
  
  year = {2002},
  
  copyright = {Assumed arXiv.org perpetual, non-exclusive license to distribute this article for submissions made before January 2004}
}

@article{Lyu2,
  doi = {10.48550/ARXIV.0802.2885},
  
  note = {\url{https://arxiv.org/abs/0802.2885}},
  
  author = {Lyubashenko, Volodymyr and Manzyuk, Oleksandr},
  
  keywords = {Category Theory (math.CT), FOS: Mathematics, FOS: Mathematics},
  
  title = {Unital {$A_\infty$}-categories},
  
  publisher = {arXiv},
  
  year = {2008},
  
  copyright = {arXiv.org perpetual, non-exclusive license}
}

@article{Lyu3,
  doi = {10.48550/ARXIV.MATH/0312339},
  
  note = {\url{https://arxiv.org/abs/math/0312339}},
  
  author = {Lyubashenko, Volodymyr and Manzyuk, Oleksandr},
  
  keywords = {Category Theory (math.CT), FOS: Mathematics, FOS: Mathematics},
  
  title = {Free {$A_\infty$}-categories},
  
  publisher = {arXiv},
  
  year = {2003},
  
  copyright = {Assumed arXiv.org perpetual, non-exclusive license to distribute this article for submissions made before January 2004}
}

@misc{Lyu4,
  doi = {10.48550/ARXIV.MATH/0306018},
  
  note = {\url{https://arxiv.org/abs/math/0306018}},
  
  author = {Lyubashenko, Volodymyr and Manzyuk, Oleksandr},
  
  keywords = {Category Theory (math.CT), K-Theory and Homology (math.KT), FOS: Mathematics, FOS: Mathematics},
  
  title = {Quotients of unital {$A_\infty$}-categories},
  
  publisher = {arXiv},
  
  year = {2003},
  
  copyright = {Assumed arXiv.org perpetual, non-exclusive license to distribute this article for submissions made before January 2004}
}

@article{Muro1,
  title={The first obstructions to enhancing a triangulated category},
  author={Fernando Muro},
  journal={Mathematische Zeitschrift},
  year={2019},
  volume={296},
  pages={719 - 759}
}

@misc{Orn,
  doi = {10.48550/ARXIV.1609.00566},
  
  note = {\url{https://arxiv.org/abs/1609.00566}},
  
  author = {Ornaghi, Mattia},
  
  keywords = {Algebraic Geometry (math.AG), Category Theory (math.CT), FOS: Mathematics, FOS: Mathematics},
  
  title = {A comparison between pretriangulated {$A_\infty$}-categories and {$\infty$}-Stable categories},
  
  publisher = {arXiv},
  
  year = {2016},
  
  copyright = {arXiv.org perpetual, non-exclusive license}
}

@misc{Sch,
  note = {\url{https://pnp.mathematik.uni-stuttgart.de/lexmath/kuenzer/master_schmid.pdf}},
  
  author = {Stephan Schmid},

  title = {On {$A_\infty$}-categories},
  
  year = {2015}
}

@book{Sei,
  title={Fukaya Categories and Picard-Lefschetz Theory},

  author={Seidel, P. and European Mathematical Society},
  
  isbn={9783037190630},
  
  lccn={2008460304},
  
  series={Zurich lectures in advanced mathematics},
  
  note={\url{https://books.google.co.jp/books?id=NOQxS9Tp50UC}},
  
  year={2008},
  
  publisher={European Mathematical Society}
}

@misc{Sei_errata,
  note = {\url{https://math.mit.edu/~seidel/errata/}},
  
  author = {Paul Seidel},

  title = {Fukaya Categories and Picard-Lefschetz Theory errata}
}