@misc{kerodon,
  author       = {Jacob Lurie},
  title        = {Kerodon},
  howpublished = {\url{https://kerodon.net}},
  year         = {2022},
}

@misc{Alg-d,
  author       = {Alg-d},
  title        = {All Concepts are Kan Extensions},
  howpublished = {\url{http://alg-d.com/}},
  year         = {2022},
}

@article{EZ,
    AUTHOR = "Eilenberg, Samuel and Zilber, J. A.",
    TITLE = "Semi-simplicial complexes and singular homology",
    JOURNAL = "Ann. of Math. (2)",
    FJOURNAL = "Annals of Mathematics. Second Series",
    VOLUME = "51",
    YEAR = "1950",
    PAGES = "499--513",
    ISSN = "0003-486X",
    MRCLASS = "56.0X",
    MRNUMBER = "0035434",
    MRREVIEWER = "H. Cartan",
    DOI = "10.2307/1969364",
    URL = "https://www.jstor.org/stable/1969364"
}

@book{GZ,
    AUTHOR = "Gabriel, P. and Zisman, M.",
    TITLE = "Calculus of fractions and homotopy theory",
    SERIES = "Ergebnisse der Mathematik und ihrer Grenzgebiete, Band 35",
    PUBLISHER = "Springer-Verlag New York, Inc., New York",
    YEAR = "1967",
    PAGES = "x+168",
    MRCLASS = "55.40 (18.00)",
    MRNUMBER = "0210125",
    MRREVIEWER = "A. K. Bousfield"
}

@article{MJ1,
    AUTHOR = "Milnor, John",
    TITLE = "The geometric realization of a semi-simplicial complex",
    JOURNAL = "Ann. of Math. (2)",
    FJOURNAL = "Annals of Mathematics. Second Series",
    VOLUME = "65",
    YEAR = "1957",
    PAGES = "357--362",
    ISSN = "0003-486X",
    MRCLASS = "55.0X",
    MRNUMBER = "0084138",
    MRREVIEWER = "J. C. Moore",
    DOI = "10.2307/1969967",
    URL = "https://www.jstor.org/stable/1969967"
}

@article{MJ2,
    AUTHOR = "Milnor, John",
    TITLE = "The geometric realization of a semi-simplicial complex",
    JOURNAL = "Ann. of Math. (2)",
    FJOURNAL = "Annals of Mathematics. Second Series",
    VOLUME = "65",
    YEAR = "1957",
    PAGES = "357--362",
    ISSN = "0003-486X",
    MRCLASS = "55.0X",
    MRNUMBER = "0084138",
    MRREVIEWER = "J. C. Moore",
    DOI = "10.2307/1969967",
    URL = "https://www.jstor.org/stable/1969967"
}

@article{MJ3,
    AUTHOR = "Milnor, John",
    TITLE = "Construction of universal bundles. {I}",
    JOURNAL = "Ann. of Math. (2)",
    FJOURNAL = "Annals of Mathematics. Second Series",
    VOLUME = "63",
    YEAR = "1956",
    PAGES = "272--284",
    ISSN = "0003-486X",
    MRCLASS = "55.0X",
    MRNUMBER = "0077122",
    MRREVIEWER = "J. Dugundji",
    DOI = "10.2307/1969609",
    URL = "https://www.jstor.org/stable/1969609"
}

@misc{Suz,
  author       = {鈴木唯乃},
  title        = {無限圏に対する基本的構成},
  howpublished = {\url{https://nnn.ed.jp/about/club/kenkyubu/pdf/2022/kiyou_09.pdf}},
  year         = {2023},
}