@article{Ber07b,
  title = {Three models for the homotopy theory of homotopy theories},
  journal = {Topology},
  volume = {46},
  number = {4},
  pages = {397-436},
  year = {2007},
  issn = {0040-9383},
  doi = {https://doi.org/10.1016/j.top.2007.03.002},
  url = {https://www.sciencedirect.com/science/article/pii/S0040938307000158},
  author = {Julia E. Bergner},
  keywords = {Homotopy theories, Simplicial categories, Complete Segal spaces, Segal categories, Model categories, Simplicial spaces},
}

@book{Ber18, 
  place={Cambridge}, 
  series={London Mathematical Society Student Texts}, 
  title={The Homotopy Theory of (∞,1)-Categories}, 
  DOI={10.1017/9781316181874}, 
  publisher={Cambridge University Press}, 
  author={Bergner, Julia E.}, 
  year={2018}, 
  collection={London Mathematical Society Student Texts}
}

@misc{BK11a,
      title={A characterization of simplicial localization functors}, 
      author={C. Barwick and D. M. Kan},
      year={2011},
      eprint={1012.1540},
      archivePrefix={arXiv},
      primaryClass={math.AT}
}

@misc{BK11b,
      title={Relative categories: Another model for the homotopy theory of homotopy theories}, 
      author={C. Barwick and D. M. Kan},
      year={2011},
      eprint={1011.1691},
      archivePrefix={arXiv},
      primaryClass={math.AT}
}

@book{Hov99,
  title={Model categories}, 
  author={Mark Hovey},
  year={1999},
  publisher={Vol. 63. Mathematical Surveys and Monographs. American Mathematical Society, Providence, RI},
}


@misc{JT07,
      title={Quasi-categories vs Segal spaces}, 
      author={Andre Joyal and Myles Tierney},
      year={2006},
      eprint={math/0607820},
      archivePrefix={arXiv},
      primaryClass={math.AT}
}

@article{Thom80,
  author = {Thomason, R. W.},
  journal = {Cahiers de Topologie et Géométrie Différentielle Catégoriques},
  keywords = {closed model structure; category of small categories; category of simplicial sets},
  language = {eng},
  number = {3},
  pages = {305-324},
  publisher = {Dunod éditeur, publié avec le concours du CNRS},
  title = {Cat as a closed model category},
  url = {http://eudml.org/doc/91233},
  volume = {21},
  year = {1980},
}

@misc{Ver16, 
  title={MODELS FOR (∞, 1)-CATEGORIES: PART 1},
  author={Marco Verguda},
  year={2016},
  url={https://www.math.uwo.ca/faculty/kapulkin/seminars/highercategoriesnotes/marco-1.pdf}
}