@misc{GJ09,
  author = {Paul G. Goerss, John F. Jardine},
  title = {Simplicial Homotopy Theory},
  year = {2009},
}

@misc{HTT,
  author       = {Jacob Lurie},
  title        = {Higher Topos Theory},
  year         = {2009},
  shorthand    = HTT,
}

@misc{kerodon,
  author       = {Jacob Lurie},
  title        = {Kerodon},
  howpublished = {\url{https://kerodon.net}},
  year         = {2023},
  shorthand    = Kerodon,
}

@misc{Land01,
  author = {Markus Land},
  title = {Introduction to Infinity-Categories},
  year = {2021},
}

@misc{Ste17,
      title={Covariant Model Structures and Simplicial Localization}, 
      author={Danny Stevenson},
      year={2017},
      eprint={1512.04815},
      archivePrefix={arXiv},
      primaryClass={math.AT}
}