@misc{Ber07,
      title={A model category structure on the category of simplicial categories}, 
      author={Julia E. Bergner},
      year={2005},
      eprint={math/0406507},
      archivePrefix={arXiv},
      primaryClass={math.AT}
}

@article{Ber07b,
  title = {Three models for the homotopy theory of homotopy theories},
  journal = {Topology},
  volume = {46},
  number = {4},
  pages = {397-436},
  year = {2007},
  issn = {0040-9383},
  doi = {https://doi.org/10.1016/j.top.2007.03.002},
  url = {https://www.sciencedirect.com/science/article/pii/S0040938307000158},
  author = {Julia E. Bergner},
  keywords = {Homotopy theories, Simplicial categories, Complete Segal spaces, Segal categories, Model categories, Simplicial spaces},
}

@book{Ber18, 
  place={Cambridge}, 
  series={London Mathematical Society Student Texts}, 
  title={The Homotopy Theory of (∞,1)-Categories}, 
  DOI={10.1017/9781316181874}, 
  publisher={Cambridge University Press}, 
  author={Bergner, Julia E.}, 
  year={2018}, 
  collection={London Mathematical Society Student Texts}
}

@misc{BK11,
      title={Relative categories: Another model for the homotopy theory of homotopy theories}, 
      author={C. Barwick and D. M. Kan},
      year={2011},
      eprint={1011.1691},
      archivePrefix={arXiv},
      primaryClass={math.AT}
}

@article{DS11,
  title={Mapping spaces in quasi-categories},
  author={Dugger, Daniel and Spivak, David I},
  year={2011},
}

@book{GJ09,
  title={Simplicial Homotopy Theory},
  author={Goerss, P.G. and Jardine, J.F.},
  isbn={9783034601894},
  series={Modern Birkh{\"a}user Classics},
  url={https://books.google.co.jp/books?id=ED1bVh5K-5YC},
  year={2009},
  publisher={Birkh{\"a}user Basel}
}

@book{Hov99,
  title={Model categories}, 
  author={Mark Hovey},
  year={1999},
  publisher={Vol. 63. Mathematical Surveys and Monographs. American Mathematical Society, Providence, RI},
}

@misc{JoyXX,
  title={Theory of quasi-categories 1},
  author={Andre Joyal},
}

@misc{Joy08,
  title={The Theory of Quasi-Categories and its Applications},
  author={Andre Joyal},
  year={2008},
  url={https://mat.uab.cat/~kock/crm/hocat/advanced-course/Quadern45-2.pdf},
}

@misc{JT07,
      title={Quasi-categories vs Segal spaces}, 
      author={Andre Joyal and Myles Tierney},
      year={2006},
      eprint={math/0607820},
      archivePrefix={arXiv},
      primaryClass={math.AT}
}

@misc{kerodon,
  author       = {Jacob Lurie},
  title        = {Kerodon},
  howpublished = {\url{https://kerodon.net}},
  year         = {2023},
}

@book{Lur09,
 ISBN = {9780691140490},
 URL = {http://www.jstor.org/stable/j.ctt7s47v},
 author = {Jacob Lurie},
 publisher = {Princeton University Press},
 title = {Higher Topos Theory (AM-170)},
 urldate = {2023-11-13},
 year = {2009}
}

@book{Hir03,
  title={Model Categories and Their Localizations},
  author={Hirschhorn, P.S.},
  isbn={9780821849170},
  lccn={2002027794},
  series={Mathematical surveys and monographs},
  url={https://books.google.co.jp/books?id=jKPN38l8LwcC},
  year={2003},
  publisher={American Mathematical Society}
}

@book{Qui67,
  title={Homotopical algebra}, 
  author={Daniel G. Quillen},
  year={1967},
  publisher={Lecture Notes in Mathematics, No. 43. Berlin: Springer-Verlag},
}

@Inbook{Qui67_2,
  author="Quillen, Daniel G.",
  title="Axiomatic homotopy theory",
  bookTitle="Homotopical Algebra",
  year="1967",
  publisher="Springer Berlin Heidelberg",
  address="Berlin, Heidelberg",
  pages="1--64",
  isbn="978-3-540-35523-6",
  doi="10.1007/BFb0097439",
  url="https://doi.org/10.1007/BFb0097439"
}

@misc{Rezk96,
  title={A model category of categories},
  author={Charles Rezk},
  year={1996},
}

@misc{Rezk00,
      title={Every homotopy theory of simplicial algebras admits a proper model}, 
      author={Charles Rezk},
      year={2000},
      eprint={math/0003065},
      archivePrefix={arXiv},
      primaryClass={math.AT}
}

@misc{Rie08,
  title={A MODEL STRUCTURE FOR QUASI-CATEGORIES},
  author={Emily Riehl},
  year={2008},
  url={https://emilyriehl.github.io/files/topic.pdf},
}

@misc{Str72,
  title={The homotopy category is a homotopy category},
  author={Arne Str{\o}m},
  year={1972},
  publisher={Archiv der Mathematik 23},
  url={https://ncatlab.org/nlab/files/Strom_HomotopyCategory.pdf},
}

@article{Thom80,
  author = {Thomason, R. W.},
  journal = {Cahiers de Topologie et Géométrie Différentielle Catégoriques},
  keywords = {closed model structure; category of small categories; category of simplicial sets},
  language = {eng},
  number = {3},
  pages = {305-324},
  publisher = {Dunod éditeur, publié avec le concours du CNRS},
  title = {Cat as a closed model category},
  url = {http://eudml.org/doc/91233},
  volume = {21},
  year = {1980},
}

@misc{Ver16, 
  title={MODELS FOR (∞, 1)-CATEGORIES: PART 1},
  author={Marco Verguda},
  year={2016},
  url={https://www.math.uwo.ca/faculty/kapulkin/seminars/highercategoriesnotes/marco-1.pdf}
}